@misc{colourshift,
  author       = {Grant, Alex},
  title        = {colourshift: A Python Application for Exploring Perceptual Colour Shift},
  year         = {2025},
  howpublished = {\url{https://github.com/grantaj/colourshift}},
  note         = {Software package}
}

@book{albers1963interaction,
  author    = {Albers, Josef},
  title     = {Interaction of Color},
  year      = {1963},
  publisher = {Yale University Press},
  address   = {New Haven}
}

@book{fairchild2013color,
  author    = {Fairchild, Mark D.},
  title     = {Color Appearance Models},
  edition   = {3},
  year      = {2013},
  publisher = {Wiley},
  address   = {Chichester}
}

@misc{colour-science,
  author       = {Mansencal, Thomas and Parsons, Michael and Shaw, Kevin and {contributors}},
  title        = {Colour Science for Python},
  year         = {2025},
  howpublished = {\url{https://github.com/colour-science/colour}},
  note         = {Software package}
}

@techreport{CIECAM02,
  author       = {{CIE}},
  title        = {A Colour Appearance Model for Colour Management Systems: CIECAM02},
  institution  = {International Commission on Illumination},
  year         = {2004},
  number       = {CIE 159:2004}
}

@article{Luo2006,
  author  = {Luo, Ming Ronnier and Cui, Guihua and Rigg, Bruck},
  title   = {The Development of the CIEDE2000 Colour-Difference Formula: CIEDE2000},
  journal = {Color Research \& Application},
  volume  = {26},
  number  = {5},
  pages   = {340--350},
  year    = {2006}
}